@INPROCEEDINGS{appResearch,  author={Y. {Li} and Y. {Zhang}},  booktitle={2020 International Conference on Computer Information and Big Data Applications (CIBDA)},   title={Application Research of Computer Vision Technology in Automation},   year={2020},  volume={},  number={},  pages={374-377},  doi={10.1109/CIBDA50819.2020.00090}}

@INPROCEEDINGS{deepLearning,  author={W. {Lan} and J. {Dang} and Y. {Wang} and S. {Wang}},  booktitle={2018 IEEE International Conference on Mechatronics and Automation (ICMA)},   title={Pedestrian Detection Based on YOLO Network Model},   year={2018},  volume={},  number={},  pages={1547-1551},  doi={10.1109/ICMA.2018.8484698}}

@InProceedings{Redmon_2016_CVPR,
author = {Redmon, Joseph and Divvala, Santosh and Girshick, Ross and Farhadi, Ali},
title = {You Only Look Once: Unified, Real-Time Object Detection},
booktitle = {Proceedings of the IEEE Conference on Computer Vision and Pattern Recognition (CVPR)},
month = {June},
year = {2016}
}

@misc{repo,
    title     = {https://github.com/miklesz/visual-bicycle-counters}
}

@misc{liczniki,
    title     = {Mobilny {K}rak√≥w, http://mobilnykrakow.pl/liczniki/}
}

@INPROCEEDINGS{cv,  author={X. {Li} and Y. {Shi}},  booktitle={2018 International Conference on Virtual Reality and Intelligent Systems (ICVRIS)},   title={Computer Vision Imaging Based on Artificial Intelligence},   year={2018},  volume={},  number={},  pages={22-25},  doi={10.1109/ICVRIS.2018.00014}}

@misc{mapa,
    title     = {World{C}am.pl, https://www.worldcam.pl/mapa/20582}
}

@misc{repoSL,
    title   = {https://github.com/szymQL/Bachelor-Thesis-Szymon-Lenart}
}
@INPROCEEDINGS{dataScience,  author={Z. {Qiang} and F. {Dai} and H. {Lin} and Y. {Dong}},  booktitle={2019 IEEE International Conference on Computer Science and Educational Informatization (CSEI)},   title={Research on the Course System of Data Science and Engineering Major},   year={2019},  volume={},  number={},  pages={90-93},  doi={10.1109/CSEI47661.2019.8938944}}

@INPROCEEDINGS{ad,  author={T. {Okuyama} and T. {Gonsalves} and J. {Upadhay}},  booktitle={2018 International Conference on Intelligent Autonomous Systems (ICoIAS)},   title={Autonomous Driving System based on Deep Q Learnig},   year={2018},  volume={},  number={},  pages={201-205},  doi={10.1109/ICoIAS.2018.8494053}}

@INPROCEEDINGS{face,  author={M. S. I. {Sameem} and T. {Qasim} and K. {Bakhat}},  booktitle={2016 International Conference on Open Source Systems   Technologies (ICOSST)},   title={Real time recognition of human faces},   year={2016},  volume={},  number={},  pages={62-65},  doi={10.1109/ICOSST.2016.7838578}}